%% This BibTeX bibliography file was created using BibDesk.
%% https://bibdesk.sourceforge.io/

%% Created for Oliver Probst at 2023-11-18 20:52:44 +0100 


%% Saved with string encoding Unicode (UTF-8) 



@book{cite-taschenbuch,
	author = {Schneider, Uwe and Werner, Dieter},
	date-added = {2022-10-02 14:06:47 +0200},
	date-modified = {2022-10-02 14:06:47 +0200},
	publisher = {Fachbuchverlag Leipzig im Carl Hanser Verlag},
	title = {Taschenbuch der Informatik},
	year = {2001}}

@booklet{prog-python,
	author = {U. Hauser and J. Hromkovi{\v c} and T. Kohn and D. Komm and G. Serafini},
	date-added = {2022-10-02 14:06:47 +0200},
	date-modified = {2022-10-02 14:06:47 +0200},
	howpublished = {Skript zur Tagung des Kaders von Bundesrat Johann Schneider-Ammann},
	title = {Programmieren mit {P}ython},
	year = {2018}}

@booklet{stiu-2018,
	author = {Tobias Kohn and Dennis Komm},
	date-added = {2022-10-02 14:06:47 +0200},
	date-modified = {2022-10-02 14:06:47 +0200},
	howpublished = {Neunter Schweizer Tag f{\"u}r den Informatikunterricht (STIU 2018)},
	title = {Der {Z}ufall in der {I}nformatik - {A}nwendungsbeispiele in {P}ython},
	year = {2018}}

@booklet{tobias-kohn,
	author = {Tobias Kohn},
	date-added = {2022-10-02 14:06:47 +0200},
	date-modified = {2022-10-02 14:06:47 +0200},
	howpublished = {Online},
	lastchecked = {19/10/2019},
	month = {10},
	title = {Einf{\"u}hrung in die {P}ython-{P}rogrammierung},
	url = {http://jython.tobiaskohn.ch/},
	year = {2019},
	bdsk-url-1 = {http://jython.tobiaskohn.ch/}}

@book{programmierung-logo,
	author = {Juraj Hromkovi{\v c}},
	date-added = {2022-10-02 14:06:47 +0200},
	date-modified = {2022-10-02 14:06:47 +0200},
	publisher = {Springer Vieweg},
	title = {Einf{\"u}hrung in die Programmierung mit LOGO},
	year = {2014}}

@book{ratz-2001-grundkurs,
	author = {Ratz, D. and Scheffler, J. and Seese, D.},
	date-added = {2022-10-02 14:06:47 +0200},
	date-modified = {2022-10-02 14:06:47 +0200},
	isbn = {3-446-21813-0},
	publisher = {Hanser},
	title = {Grundkurs Programmieren in Java: Band 1: Der Einstieg in Programmierung und Objektorientierung},
	year = {2001},
	bdsk-url-1 = {https://books.google.de/books?id=q33lc95wD5EC}}

@online{def-syntax,
	date-added = {2022-10-02 14:06:47 +0200},
	date-modified = {2022-10-02 14:06:47 +0200},
	lastchecked = {06/08/2019},
	month = {08},
	url = {https://www.duden.de/rechtschreibung/Syntax},
	year = {2019},
	bdsk-url-1 = {https://www.duden.de/rechtschreibung/Syntax}}

@book{einfach-informatik-programmieren,
	author = {Juraj Hromkovi{\v c} and Tobias Kohn},
	date-added = {2022-10-02 14:06:47 +0200},
	date-modified = {2022-10-02 14:06:47 +0200},
	publisher = {Klett und Balmer Verlag},
	title = {einfach INFORMATIK Programmieren},
	year = {2018}}

@online{def-listing,
	date-added = {2022-10-02 14:06:47 +0200},
	date-modified = {2022-10-02 14:06:47 +0200},
	lastchecked = {26/07/2019},
	month = {09},
	url = {http://www.geoinformatik.uni-rostock.de/einzel.asp?ID=-1803553368},
	year = {2002},
	bdsk-url-1 = {http://www.geoinformatik.uni-rostock.de/einzel.asp?ID=-1803553368}}

@online{def-informatik,
	date-added = {2019-07-26 15:51:46 +0200},
	date-modified = {2022-05-09 08:36:58 +0200},
	lastchecked = {09/05/2022},
	month = {01},
	url = {http://people.inf.ethz.ch/gander/talks/Hochstrasser.pdf},
	year = {2016},
	bdsk-url-1 = {http://people.inf.ethz.ch/gander/talks/Hochstrasser.pdf}}
